@article{anwar2020hidden,
  title={Hidden transcripts of the gig economy: labour agency and the new art of resistance among African gig workers},
  author={Anwar, Mohammad Amir and Graham, Mark},
  journal={Environment and Planning A: Economy and Space},
  volume={52},
  number={7},
  pages={1269--1291},
  year={2020},
  publisher={SAGE Publications Sage UK: London, England}
}

@online{brictv,
  title = {Some cool motion sensor stuff},
  date = 2021,
  month = 06,
  organization = {Bric TV},
  author = {Tuttle, Lueck, Aramendi},
  url = {https://www.facebook.com/BRICTV/videos/934628094043346/}
}

@misc{aponte_2021, 
  title={Struggling Food Delivery Workers' Secret Weapon: Support from a powerful Union}, 
  url={https://www.thecity.nyc/work/2021/4/22/22398626/food-delivery-workers-secret-weapon-union}, 
  journal={THE CITY}, 
  publisher={THE CITY}, 
  author={Aponte, Claudia Irizarry}, 
  year={2021}, 
  month={Apr}
} 

 @misc{ldutestimonials, 
  title={Testimonials}, 
  url={https://losdeliveristasunidos.org/testimonials}, 
  journal={Los Deliveristas Unidos}, 
  author={Ajche, Gustavo}} 

@article{ldu_report2021, 
  title={Essential But Unprotected: App-Based Food Couriers in New York City}, 
  institution={Los Deliveristas Unidos}, 
  author={Figueroa, Maria and Guallpa, Ligia and Wolf, Andrew and Tsitouras, Glendy and Colón Hernández, Hildalyn},
  year={2021}} 

@book{lee2018delivering,
  title={Delivering Justice: Food Delivery Cyclists in New York City},
  author={Lee, Do Jun},
  year={2018},
  publisher={City University of New York}
}

@article{nycimmigrantpopulation2021,
  title={A Demographic Snapshot: NYC's Latinx Immigrant Population},
  author={Mayor’s Office of Immigrant Affairs},
  year={2021},
  url={https://www1.nyc.gov/assets/immigrants/downloads/pdf/Hispanic-Immigrant-Fact-Sheet.pdf}
}

@music{vox2021,
  author={Sean Rameswaram},
  title={The Future of Work: The gig is up},
  month=11,
  year=2021,
  series={Today, Explained},
  url={https://www.vox.com/today-explained},
}

@article{curbed2021,
  author={Josh Dzieza},
  title={Revolt of the Delivery Workers},
  month=9,
  year=2021,
  url={https://www.curbed.com/article/nyc-delivery-workers.html}
}

@article{nicholls2008urban,
  title={The urban question revisited: The importance of cities for social movements},
  author={Nicholls, Walter J},
  journal={International Journal of Urban and Regional Research},
  volume={32},
  number={4},
  pages={841--859},
  year={2008},
  publisher={Wiley Online Library}
}
