@article{swerts2017creating,
  title={Creating space for citizenship: The liminal politics of undocumented activism},
  author={Swerts, Thomas},
  journal={International journal of urban and regional research},
  volume={41},
  number={3},
  pages={379--395},
  year={2017},
  publisher={Wiley Online Library}
}

@article{swerts2021undocumented,
  title={Undocumented Immigrant Activism and the Political: Disrupting the Order or Reproducing the Status Quo?},
  author={Swerts, Thomas and Nicholls, Walter},
  journal={Antipode},
  volume={53},
  number={2},
  pages={319--330},
  year={2021},
  publisher={Wiley Online Library}
}

@article{wellman1979networks,
  title={Networks, neighborhoods, and communities: Approaches to the study of the community question},
  author={Wellman, Barry and Leighton, Barry},
  journal={Urban affairs quarterly},
  volume={14},
  number={3},
  pages={363--390},
  year={1979},
  publisher={Sage Publications Sage CA: Thousand Oaks, CA}
}
