
@article{einstein,
    author = "Albert Einstein",
    title = "{Zur Elektrodynamik bewegter K{\"o}rper}. ({German})
    [{On} the electrodynamics of moving bodies]",
    journal = "Annalen der Physik",
    volume = "322",
    number = "10",
    pages = "891--921",
    year = "1905",
    DOI = "http://dx.doi.org/10.1002/andp.19053221004",
    keywords = "physics"
}

@incollection{keil2016urban,
  title={Urban neoliberalism: rolling with the changes in a globalizing world},
  author={Keil, Roger},
  booktitle={Handbook of Neoliberalism},
  pages={413--425},
  year={2016},
  publisher={Routledge}
}

