@article{garrett2019urban,
  title={Urban blue space and health and wellbeing in Hong Kong: Results from a survey of older adults},
  author={Garrett, Joanne K and White, Mathew P and Huang, Junjie and Ng, Simpson and Hui, Zero and Leung, Colette and Tse, Lap Ah and Fung, Franklin and Elliott, Lewis R and Depledge, Michael H and others},
  journal={Health \& place},
  volume={55},
  pages={100--110},
  year={2019},
  publisher={Elsevier}
}

@article{gascon2017outdoor,
  title={Outdoor blue spaces, human health and well-being: A systematic review of quantitative studies},
  author={Gascon, Mireia and Zijlema, Wilma and Vert, Cristina and White, Mathew P and Nieuwenhuijsen, Mark J},
  journal={International journal of hygiene and environmental health},
  volume={220},
  number={8},
  pages={1207--1221},
  year={2017},
  publisher={Elsevier}
}

@article{raymond2016integrating,
  title={Integrating multiple elements of environmental justice into urban blue space planning using public participation geographic information systems},
  author={Raymond, Christopher M and Gottwald, Sarah and Kuoppa, Jenni and Kytt{\"a}, Marketta},
  journal={Landscape and Urban Planning},
  volume={153},
  pages={198--208},
  year={2016},
  publisher={Elsevier}
}
