@book{williams2021circular,
  title={Circular cities: a revolution in urban sustainability},
  author={Williams, Jo},
  year={2021},
  publisher={Routledge}
}
