@article{koch2010monumental,
  title={The monumental and the miniature: imagining ‘modernity’in Astana},
  author={Koch, Natalie},
  journal={Social \& Cultural Geography},
  volume={11},
  number={8},
  pages={769--787},
  year={2010},
  publisher={Taylor \& Francis}
}

@article{koch2014bordering,
  title={Bordering on the modern: power, practice and exclusion in Astana},
  author={Koch, Natalie},
  journal={Transactions of the Institute of British Geographers},
  volume={39},
  number={3},
  pages={432--443},
  year={2014},
  publisher={Wiley Online Library}
}

@article{anacker2004geographies,
  title={Geographies of power in Nazarbayev's Astana},
  author={Anacker, Shonin},
  journal={Eurasian Geography and Economics},
  volume={45},
  number={7},
  pages={515--533},
  year={2004},
  publisher={Taylor \& Francis}
}

@article{laszczkowski2011building,
  title={Building the future: Construction, temporality, and politics in Astana},
  author={Laszczkowski, Mateusz},
  journal={Focaal},
  volume={2011},
  number={60},
  pages={77--92},
  year={2011},
  publisher={Berghahn Journals}
}
