
%% This BibTeX bibliography file was created using BibDesk.
%% https://bibdesk.sourceforge.io/

%% Created for Carla Hyenne at 2021-11-01 11:22:59 +0100 


%% Saved with string encoding Unicode (UTF-8) 

@article{koch2010monumental,
	author = {Koch, Natalie},
	journal = {Social \& Cultural Geography},
	number = {8},
	pages = {769--787},
	publisher = {Taylor \& Francis},
	title = {The monumental and the miniature: imagining `modernity'in Astana},
	volume = {11},
	year = {2010}}

@article{koch2014bordering,
	author = {Koch, Natalie},
	journal = {Transactions of the Institute of British Geographers},
	number = {3},
	pages = {432--443},
	publisher = {Wiley Online Library},
	title = {Bordering on the modern: power, practice and exclusion in Astana},
	volume = {39},
	year = {2014}}

@article{anacker2004geographies,
	author = {Anacker, Shonin},
	journal = {Eurasian Geography and Economics},
	number = {7},
	pages = {515--533},
	publisher = {Taylor \& Francis},
	title = {Geographies of power in Nazarbayev's Astana},
	volume = {45},
	year = {2004}}

@article{laszczkowski2011building,
	author = {Laszczkowski, Mateusz},
	journal = {Focaal},
	number = {60},
	pages = {77--92},
	publisher = {Berghahn Journals},
	title = {Building the future: Construction, temporality, and politics in Astana},
	volume = {2011},
	year = {2011}}

@article{isaacs2010papa,
  title={‘Papa’--Nursultan Nazarbayev and the Discourse of Charismatic Leadership and Nation-Building in Post-Soviet Kazakhstan},
  author={Isaacs, Rico},
  journal={Studies in Ethnicity and Nationalism},
  volume={10},
  number={3},
  pages={435--452},
  year={2010},
  publisher={Wiley Online Library}
}

@article{ferenvcuhova2016introduction,
  title={Introduction: Post-socialist cities and urban theory},
  author={Ferencuhova, Slavomira and Gentile, Michael},
  journal={Eurasian Geography and Economics},
  volume={57},
  number={4-5},
  pages={483--496},
  year={2016},
  publisher={Taylor \& Francis}
}

@article{batsaikhan2017central,
  title={Central Asia—twenty-five years after the breakup of the USSR},
  author={Batsaikhan, Uuriintuya and Dabrowski, Marek},
  journal={Russian Journal of Economics},
  volume={3},
  number={3},
  pages={296--320},
  year={2017},
  publisher={Elsevier}
}

@online{darkhanumirbekov2019,
    author = "Darkhan Umirbekov",
    title  = "Kazakhstan: President voices frustration over problems in Nur-Sultan",
    month  = "10",
    year   = "2019",
    url    = "https://eurasianet.org/kazakhstan-president-voices-frustration-over-problems-in-nur-sultan"
}

@article{koch2013not,
  title={Why not a world city? Astana, Ankara, and geopolitical scripts in urban networks},
  author={Koch, Natalie},
  journal={Urban Geography},
  volume={34},
  number={1},
  pages={109--130},
  year={2013},
  publisher={Taylor \& Francis}
}

@article{unfpa2020wekazakhstan, 
  title={We, Kazakhstan: Population Situation Analysis Kazakhstan},
  author={Ministry of National Economy of the Republic of Kazakhstan Committee on Statistics and UNFPA}, 
  journal={UNFPA Kazakhstan},
  publisher={UNFPA Kazakhstan}, 
  year={2020}}

@article{ferenvcuhova2016accounts,
  title={Accounts from behind the curtain: History and geography in the critical analysis of urban theory},
  author={Ferencuhova and Slavomira},
  journal={International Journal of Urban and Regional Research},
  volume={40},
  number={1},
  pages={113--131},
  year={2016},
  publisher={Wiley Online Library}
}

@article{hirt2016conceptual,
  title={Conceptual forum: The “post-socialist” city},
  author={Hirt, Sonia and Ferencuhova, Slavomira and Tuvikene, Tauri},
  journal={Eurasian Geography and Economics},
  volume={57},
  number={4-5},
  pages={497--520},
  year={2016},
  publisher={Taylor \& Francis}
}

@article{sailer1999characteristics,
  title={Characteristics of post-socialist urban transformation in East Central Europe},
  author={Sailer-Fliege, Ulrike},
  journal={GeoJournal},
  volume={49},
  number={1},
  pages={7--16},
  year={1999},
  publisher={Springer}
}

@article{davis2005cities,
  title={Cities in Global Context: A Brief Intellectual History.},
  author={Davis, Diane E},
  journal={International Journal of Urban and Regional Research},
  volume={29},
  number={1},
  pages={92--109},
  year={2005},
  publisher={Blackwell}
}

@book{stanilov2007post,
  title={The post-socialist city: Urban form and space transformations in Central and Eastern Europe after socialism},
  author={Stanilov, Kiril},
  volume={92},
  year={2007},
  publisher={Springer Science \& Business Media}
}

@misc{kassymbekov_2020, 
  title={Nazarbayev in Perspective. The Presidency – Nazarbayev Begins Constructing His Legacy and Kazakhstan Reborn}, 
  url={https://astanatimes.com/2020/06/nazarbayev-in-perspective-the-presidency-nazarbayev-begins-constructing-his-legacy-and-kazakhstan-reborn/}, 
  journal={The Astana Times}, 
  author={Kassymbekov, Makhmud}, 
  year={2020}, 
  month={6}
} 

@article{haussermann2005european,
  title={The European city: a conceptual framework and normative project},
  author={H{\"a}u{\ss}ermann, Hartmut and Haila, Anne},
  journal={Cities of Europe: Changing contexts, local arrangements, and the challenge to urban cohesion},
  pages={43--63},
  year={2005},
  publisher={Blackwell Publishing Oxford}
}

@book{robinson2013ordinary,
  title={Ordinary cities: between modernity and development},
  author={Robinson, Jennifer},
  year={2013},
  publisher={Routledge}
}

@incollection{smith1996socialist,
  author      = {David M. Smith},
  title       = {The Post Socialist City},
  editor      = {Andrusz, Gregory and Harloe, Michael and Szelenyi, Ivan},
  booktitle   = {Cities after socialism: urban and regional change and conflict in post-socialist societies},
  publisher   = {John Wiley \& Sons},
  year        = {1996},
  pages       = {70--99}
}

@incollection{haussermann1996socialist,
  author={H{\"a}ussermann, Hartmut},
  title={From the Socialist to the Capitalist City: Experiences from Germany},
  editor= {Andrusz, Gregory and Harloe, Michael and Szelenyi, Ivan},
  booktitle={Cities after socialism: urban and regional change and conflict in post-socialist societies},
  publisher={John Wiley \& Sons},
  year={1996},
  pages={214--231}
}

@article{seitz2021urbanization,
  title={Urbanization in Kazakhstan: desirable cities, unaffordable housing, and the missing rental market},
  author={Seitz, William},
  journal={International Journal of Urban Sciences},
  volume={25},
  number={sup1},
  pages={135--166},
  year={2021},
  publisher={Taylor \& Francis}
}

@report{unece2018housing,
  title = {Country Profiles on the Housing Sector: Republic of Kazakhstan},
  author = {{United Nations Economic Commission for Europe}},
  year = {2018},
  publisher = {United Nations},
  pages = {92--114}
}

@misc{chen2018alphabet, 
  title={The cost of changing an entire country's alphabet}, 
  url={https://www.bbc.com/worklife/article/20180424-the-cost-of-changing-an-entire-countrys-alphabet}, 
  journal={BBC Worklife}, 
  publisher={BBC}, 
  year={2018},
  author={Chen, Dene-Hern}} 

@misc{freedomhouse2021, 
  title={Kazakhstan: Freedom on the net 2021 country report}, 
  url={https://freedomhouse.org/country/kazakhstan/freedom-net/2021}, 
  journal={Freedom House}
} 

@online{gawc2018list,
  title={The World According to GaWC 2018},
  author={GaWC (Globalization And World Cities Research Network)},
  url={https://www.lboro.ac.uk/gawc/world2018t.html},
  url-date={2021-1-12}
}

@report{masterplan2001,
  title = {The study on the master plan for the development of the City of Astana in the Republic of Kazakhstan: final report; Volume 2 - Main Report},
  author = {{JICA}},
  chapter = {Chapter 2 Socio-economic planning},
  publisher = {Japan International Cooperation Agency: Kisho Kurokawa Architect and Associates: Nippon Koei Co., Ltd. : International Development Center of Japan},
  year = {2001},
  url = {https://openjicareport.jica.go.jp/340/340/340_154_11652708.html},
}

@online{aifc,
  title = {Welcome to AIFC},
  author = {AIFC},
  year = {2021},
  url = {https://www.aifc.kz/},
  url-date = {2021-6-2}
}

@article{gallo2021three,
  title={Three varieties of Authoritarian Neoliberalism: Rule by the experts, the people, the leader},
  author={Gallo, Ernesto},
  journal={Competition \& Change},
  pages={10245294211038425},
  year={2021},
  publisher={SAGE Publications Sage UK: London, England}
}
