@article{lees2000reappraisal,
  title={A reappraisal of gentrification: towards a ‘geography of gentrification’},
  author={Lees, Loretta},
  journal={Progress in human geography},
  volume={24},
  number={3},
  pages={389--408},
  year={2000},
  publisher={Sage Publications Sage CA: Thousand Oaks, CA}
}


@article{gruber2020can,
  title={What Can the Housing Market Teach Us? University Fieldtrips Identify Current Transitions in Vienna’s Urban Development and Housing Market Policies},
  author={Gruber, Elisabeth and Franz, Yvonne and others},
  year={2020}
}
