@book{de2015epistemologies,
  title={Epistemologies of the South: Justice against epistemicide},
  author={de Sousa Santos, Boaventura},
  year={2015},
  publisher={Routledge}
}


@book{lefebvre2009state,
  title={State, space, world: Selected essays},
  author={Lefebvre, Henri},
  year={2009},
  publisher={U of Minnesota Press},
  pages={185--195}
}

@article{smith1979toward,
  title={Toward a theory of gentrification a back to the city movement by capital, not people},
  author={Smith, Neil},
  journal={Journal of the American planning association},
  volume={45},
  number={4},
  pages={538--548},
  year={1979},
  publisher={Taylor \& Francis}
}
