@article{kaika2017don,
  title={‘Don’t call me resilient again!’: the New Urban Agenda as immunology… or… what happens when communities refuse to be vaccinated with ‘smart cities’ and indicators},
  author={Kaika, Maria},
  journal={Environment and Urbanization},
  volume={29},
  number={1},
  pages={89--102},
  year={2017},
  publisher={SAGE Publications Sage UK: London, England}
}
