@article{hall1998cities,
  title={Cities in civilization},
  author={Hall, Peter Geoffrey},
  year={1998},
  publisher={Citeseer}
}
