@article{mcphearson2021radical,
  title={Radical changes are needed for transformations to a good Anthropocene},
  author={McPhearson, Timon and M Raymond, Christopher and Gulsrud, Natalie and Albert, Christian and Coles, Neil and Fagerholm, Nora and Nagatsu, Michiru and Olafsson, Anton Stahl and Soininen, Niko and Vierikko, Kati},
  journal={Npj Urban Sustainability},
  volume={1},
  number={1},
  pages={1--13},
  year={2021},
  publisher={Nature Publishing Group}
}
