
@misc{ammann_2017, 
title={Why today's Swiss waterways are fit for swimming}, 
url={https://www.swissinfo.ch/eng/wastewater_bathing-prohibited-in-switzerland-definitely-a-thing-of-the-past/43296836}, journal={SWI}, publisher={swissinfo.ch}, 
author={Ammann, Kathrin}, 
year={2017}, 
month={Nov}} 

@article{kocisky2021towards,
  title={Towards conceptions of green gentrification as more-than-human},
  author={Kocisky, Katherine},
  journal={Environment and Planning E: Nature and Space},
  pages={25148486211001754},
  year={2021},
  publisher={SAGE Publications Sage UK: London, England}
}
