@book{texbook,
  author = {Donald E. Knuth},
  year = {1986},
  title = {The \TeX{} Book},
  publisher = {Addison-Wesley Professional}
}

@online{perspectiveNinove,
  author = {perspective.brussels},
  title = {Porte de Ninove},
  url = {https://perspective.brussels/fr/projets/territoire-du-canal/porte-de-ninove},
  urldate = {2021-10-29}
}

@techreport{diagnosticNinove,
  title       = "Diagnostic de la Porte de Ninove",
  author      = "perspective.brussels",
  institution = "perspective.brussels",
  year        = 2016,
  month       = nov
}

